@unpublished{ahu1,
title = {Kemi ekvation},
author = {Linda Holmberg},
year = {2019},
note = {Utbildad kemi lärare på gymnasienivå}
}


