@misc{RefWorks:ID
authour = "B. Oscar"
title = "Biokemi - Samspel mellan kolhydrater och amylas
year = "2019"}